@TechReport{RTN-095_temp,
    author = "{NSF-DOE Vera C Rubin Observatory}",
    title = "{The Vera C. Rubin Observatory Data Preview 1}",
    institution = "{Vera C. Rubin Observatory}",
    year = "2025",
    month = "June",
    handle = "RTN-095",
    type = "{Technical Note}",
    number = "RTN-095",
    doi = "{10.71929/rubin/2570536}",
    url = "https://rtn-095.lsst.io/"
}

@article{HSM1,
       author = {{Hirata}, Christopher and {Seljak}, Uro{\v{s}}},
        title = "{Shear calibration biases in weak-lensing surveys}",
      journal = {\mnras},
     keywords = {gravitational lensing, methods: data analysis, Astrophysics},
         year = 2003,
        month = aug,
       volume = {343},
       number = {2},
        pages = {459-480},
          doi = {10.1046/j.1365-8711.2003.06683.x},
archivePrefix = {arXiv},
       eprint = {astro-ph/0301054},
 primaryClass = {astro-ph},
       adsurl = {https://ui.adsabs.harvard.edu/abs/2003MNRAS.343..459H},
      adsnote = {Provided by the SAO/NASA Astrophysics Data System}
}

@article{HSM2,
   title={Detection of large-scale intrinsic ellipticity--density correlation from the Sloan Digital Sky Survey and implications for weak lensing surveys},
   volume={367},
   ISSN={1365-2966},
   url={http://dx.doi.org/10.1111/j.1365-2966.2005.09946.x},
   DOI={10.1111/j.1365-2966.2005.09946.x},
   number={2},
   journal={Monthly Notices of the Royal Astronomical Society},
   publisher={Oxford University Press (OUP)},
   author={Mandelbaum, R. and Hirata, C. M. and Ishak, M. and Seljak, U. and Brinkmann, J.},
   year={2006},
   month=apr, pages={611–626}
}

@article{clmm,
       author = {{Aguena}, M. and {Avestruz}, C. and {Combet}, C. and {Fu}, S. and {Herbonnet}, R. and {Malz}, A.~I. and {Penna-Lima}, M. and {Ricci}, M. and {Vitenti}, S.~D.~P. and {Baumont}, L. and {Fan}, H. and {Fong}, M. and {Ho}, M. and {Kirby}, M. and {Payerne}, C. and {Boutigny}, D. and {Lee}, B. and {Liu}, B. and {McClintock}, T. and {Miyatake}, H. and {Sif{\'o}n}, C. and {von der Linden}, A. and {Wu}, H. and {Yoon}, M. and {LSST Dark Energy Science Collaboration}},
        title = "{CLMM: a LSST-DESC cluster weak lensing mass modeling library for cosmology}",
      journal = {\mnras},
     keywords = {gravitational lensing: weak, software: public release, galaxies: clusters: general, Astrophysics - Cosmology and Nongalactic Astrophysics, Astrophysics - Instrumentation and Methods for Astrophysics},
         year = 2021,
        month = dec,
       volume = {508},
       number = {4},
        pages = {6092-6110},
          doi = {10.1093/mnras/stab2764},
archivePrefix = {arXiv},
       eprint = {2107.10857},
 primaryClass = {astro-ph.CO},
       adsurl = {https://ui.adsabs.harvard.edu/abs/2021MNRAS.508.6092A},
      adsnote = {Provided by the SAO/NASA Astrophysics Data System}
}

@software{treecorr,
       author = {{Jarvis}, Mike},
        title = "{TreeCorr: Two-point correlation functions}",
 howpublished = {Astrophysics Source Code Library, record ascl:1508.007},
         year = 2015,
        month = aug,
          eid = {ascl:1508.007},
       adsurl = {https://ui.adsabs.harvard.edu/abs/2015ascl.soft08007J},
      adsnote = {Provided by the SAO/NASA Astrophysics Data System}
}

@article{desc-srd,
       author = {{The LSST Dark Energy Science Collaboration} and {Mandelbaum}, Rachel and {Eifler}, Tim and {Hlo{\v{z}}ek}, Ren{\'e}e and {Collett}, Thomas and {Gawiser}, Eric and {Scolnic}, Daniel and {Alonso}, David and {Awan}, Humna and {Biswas}, Rahul and {Blazek}, Jonathan and {Burchat}, Patricia and {Chisari}, Nora Elisa and {Dell'Antonio}, Ian and {Digel}, Seth and {Frieman}, Josh and {Goldstein}, Daniel A. and {Hook}, Isobel and {Ivezi{\'c}}, {\v{Z}}eljko and {Kahn}, Steven M. and {Kamath}, Sowmya and {Kirkby}, David and {Kitching}, Thomas and {Krause}, Elisabeth and {Leget}, Pierre-Fran{\c{c}}ois and {Marshall}, Philip J. and {Meyers}, Joshua and {Miyatake}, Hironao and {Newman}, Jeffrey A. and {Nichol}, Robert and {Rykoff}, Eli and {Sanchez}, F. Javier and {Slosar}, An{\v{z}}e and {Sullivan}, Mark and {Troxel}, M.~A.},
        title = "{The LSST Dark Energy Science Collaboration (DESC) Science Requirements Document}",
      journal = {arXiv e-prints},
     keywords = {Astrophysics - Cosmology and Nongalactic Astrophysics},
         year = 2018,
        month = sep,
          eid = {arXiv:1809.01669},
        pages = {arXiv:1809.01669},
          doi = {10.48550/arXiv.1809.01669},
archivePrefix = {arXiv},
       eprint = {1809.01669},
 primaryClass = {astro-ph.CO},
       adsurl = {https://ui.adsabs.harvard.edu/abs/2018arXiv180901669T},
      adsnote = {Provided by the SAO/NASA Astrophysics Data System}
}

@article{a360_z,
       author = {{Quintana}, H. and {Ramirez}, A.},
        title = "{Redshifts of 165 Abell and Southern Rich Clusters of Galaxies}",
      journal = {\apjs},
     keywords = {Galactic Clusters, Position (Location), Red Shift, Southern Sky, Astronomical Spectroscopy, Telescopes, Astronomy, GALAXIES: CLUSTERS: GENERAL, GALAXIES: DISTANCES AND REDSHIFTS},
         year = 1995,
        month = feb,
       volume = {96},
        pages = {343},
          doi = {10.1086/192122},
       adsurl = {https://ui.adsabs.harvard.edu/abs/1995ApJS...96..343Q},
      adsnote = {Provided by the SAO/NASA Astrophysics Data System}
}

@article{a360_mass,
       author = {{Hilton}, M. and {Sif{\'o}n}, C. and {Naess}, S. and {Madhavacheril}, M. and {Oguri}, M. and {Rozo}, E. and {Rykoff}, E. and {Abbott}, T.~M.~C. and {Adhikari}, S. and {Aguena}, M. and {Aiola}, S. and {Allam}, S. and {Amodeo}, S. and {Amon}, A. and {Annis}, J. and {Ansarinejad}, B. and {Aros-Bunster}, C. and {Austermann}, J.~E. and {Avila}, S. and {Bacon}, D. and {Battaglia}, N. and {Beall}, J.~A. and {Becker}, D.~T. and {Bernstein}, G.~M. and {Bertin}, E. and {Bhandarkar}, T. and {Bhargava}, S. and {Bond}, J.~R. and {Brooks}, D. and {Burke}, D.~L. and {Calabrese}, E. and {Carrasco Kind}, M. and {Carretero}, J. and {Choi}, S.~K. and {Choi}, A. and {Conselice}, C. and {da Costa}, L.~N. and {Costanzi}, M. and {Crichton}, D. and {Crowley}, K.~T. and {D{\"u}nner}, R. and {Denison}, E.~V. and {Devlin}, M.~J. and {Dicker}, S.~R. and {Diehl}, H.~T. and {Dietrich}, J.~P. and {Doel}, P. and {Duff}, S.~M. and {Duivenvoorden}, A.~J. and {Dunkley}, J. and {Everett}, S. and {Ferraro}, S. and {Ferrero}, I. and {Fert{\'e}}, A. and {Flaugher}, B. and {Frieman}, J. and {Gallardo}, P.~A. and {Garc{\'\i}a-Bellido}, J. and {Gaztanaga}, E. and {Gerdes}, D.~W. and {Giles}, P. and {Golec}, J.~E. and {Gralla}, M.~B. and {Grandis}, S. and {Gruen}, D. and {Gruendl}, R.~A. and {Gschwend}, J. and {Gutierrez}, G. and {Han}, D. and {Hartley}, W.~G. and {Hasselfield}, M. and {Hill}, J.~C. and {Hilton}, G.~C. and {Hincks}, A.~D. and {Hinton}, S.~R. and {Ho}, S. -P.~P. and {Honscheid}, K. and {Hoyle}, B. and {Hubmayr}, J. and {Huffenberger}, K.~M. and {Hughes}, J.~P. and {Jaelani}, A.~T. and {Jain}, B. and {James}, D.~J. and {Jeltema}, T. and {Kent}, S. and {Knowles}, K. and {Koopman}, B.~J. and {Kuehn}, K. and {Lahav}, O. and {Lima}, M. and {Lin}, Y. -T. and {Lokken}, M. and {Loubser}, S.~I. and {MacCrann}, N. and {Maia}, M.~A.~G. and {Marriage}, T.~A. and {Martin}, J. and {McMahon}, J. and {Melchior}, P. and {Menanteau}, F. and {Miquel}, R. and {Miyatake}, H. and {Moodley}, K. and {Morgan}, R. and {Mroczkowski}, T. and {Nati}, F. and {Newburgh}, L.~B. and {Niemack}, M.~D. and {Nishizawa}, A.~J. and {Ogando}, R.~L.~C. and {Orlowski-Scherer}, J. and {Page}, L.~A. and {Palmese}, A. and {Partridge}, B. and {Paz-Chinch{\'o}n}, F. and {Phakathi}, P. and {Plazas}, A.~A. and {Robertson}, N.~C. and {Romer}, A.~K. and {Carnero Rosell}, A. and {Salatino}, M. and {Sanchez}, E. and {Schaan}, E. and {Schillaci}, A. and {Sehgal}, N. and {Serrano}, S. and {Shin}, T. and {Simon}, S.~M. and {Smith}, M. and {Soares-Santos}, M. and {Spergel}, D.~N. and {Staggs}, S.~T. and {Storer}, E.~R. and {Suchyta}, E. and {Swanson}, M.~E.~C. and {Tarle}, G. and {Thomas}, D. and {To}, C. and {Trac}, H. and {Ullom}, J.~N. and {Vale}, L.~R. and {Van Lanen}, J. and {Vavagiakis}, E.~M. and {De Vicente}, J. and {Wilkinson}, R.~D. and {Wollack}, E.~J. and {Xu}, Z. and {Zhang}, Y.},
        title = "{The Atacama Cosmology Telescope: A Catalog of >4000 Sunyaev-Zel{\textquoteright}dovich Galaxy Clusters}",
      journal = {\apjs},
     keywords = {Galaxy clusters, Cosmology, Large-scale structure of the universe, Astrophysics - Cosmology and Nongalactic Astrophysics},
         year = 2021,
        month = mar,
       volume = {253},
       number = {1},
          eid = {3},
        pages = {3},
          doi = {10.3847/1538-4365/abd023},
archivePrefix = {arXiv},
       eprint = {2009.11043},
 primaryClass = {astro-ph.CO},
       adsurl = {https://ui.adsabs.harvard.edu/abs/2021ApJS..253....3H},
      adsnote = {Provided by the SAO/NASA Astrophysics Data System}
}

@misc{yamamoto,
      title={Dark Energy Survey Year 6 Results: Cell-based Coadds and Metadetection Weak Lensing Shape Catalogue}, 
      author={M. Yamamoto and M. R. Becker and E. Sheldon and M. Jarvis and R. A. Gruendl and F. Menanteau and E. S. Rykoff and S. Mau and T. Schutt and M. Gatti and M. A. Troxel and A. Amon and D. Anbajagane and G. M. Bernstein and D. Gruen and E. M. Huff and M. Tabbutt and A. Tong and B. Yanny and T. M. C. Abbott and M. Aguena and A. Alarcon and F. Andrade-Oliveira and K. Bechtol and J. Blazek and D. Brooks and A. Carnero Rosell and J. Carretero and C. Chang and A. Choi and M. Costanzi and M. Crocce and L. N. da Costa and T. M. Davis and J. De Vicente and S. Desai and H. T. Diehl and S. Dodelson and P. Doel and C. Doux and A. Drlica-Wagner and A. Ferté and B. Flaugher and J. Frieman and J. García-Bellido and E. Gaztanaga and G. Giannini and G. Gutierrez and W. G. Hartley and K. Herner and S. R. Hinton and D. L. Hollowood and K. Honscheid and D. Huterer and E. Krause and K. Kuehn and O. Lahav and M. Lima and J. L. Marshall and J. Mena-Fernández and R. Miquel and J. J. Mohr and J. Muir and J. Myles and R. L. C. Ogando and A. Pieres and A. A. Plazas Malagón and A. Porredon and J. Prat and M. Raveri and M. Rodriguez-Monroy and A. Roodman and S. Samuroff and E. Sanchez and D. Sanchez Cid and V. Scarpine and I. Sevilla-Noarbe and M. Smith and E. Suchyta and G. Tarle and V. Vikram and N. Weaverdyck and P. Wiseman and Y. Zhang},
      year={2025},
      eprint={2501.05665},
      archivePrefix={arXiv},
      primaryClass={astro-ph.CO},
      url={https://arxiv.org/abs/2501.05665},
}

@article{Sheldon_2023,
   title={Metadetection Weak Lensing for the Vera C. Rubin Observatory},
   volume={6},
   ISSN={2565-6120},
   url={http://dx.doi.org/10.21105/astro.2303.03947},
   DOI={10.21105/astro.2303.03947},
   journal={The Open Journal of Astrophysics},
   publisher={Maynooth University},
   author={Sheldon, Erin S. and Becker, Matthew R. and Jarvis, Michael and Armstrong, Robert},
   year={2023},
   month=may }

@article{Sheldon_2020,
doi = {10.3847/1538-4357/abb595},
url = {https://dx.doi.org/10.3847/1538-4357/abb595},
year = {2020},
month = {oct},
publisher = {The American Astronomical Society},
volume = {902},
number = {2},
pages = {138},
author = {Sheldon, Erin S. and Becker, Matthew R. and MacCrann, Niall and Jarvis, Michael},
title = {Mitigating Shear-dependent Object Detection Biases with Metacalibration},
journal = {The Astrophysical Journal},
}

@article{Sheldon_2017,
doi = {10.3847/1538-4357/aa704b},
url = {https://dx.doi.org/10.3847/1538-4357/aa704b},
year = {2017},
month = {may},
publisher = {The American Astronomical Society},
volume = {841},
number = {1},
pages = {24},
author = {Sheldon, Erin S. and Huff, Eric M.},
title = {Practical Weak-lensing Shear Measurement with Metacalibration},
journal = {The Astrophysical Journal},
}

@misc{meta_hm,
      title={Metacalibration: Direct Self-Calibration of Biases in Shear Measurement}, 
      author={Eric Huff and Rachel Mandelbaum},
      year={2017},
      eprint={1702.02600},
      archivePrefix={arXiv},
      primaryClass={astro-ph.CO},
      url={https://arxiv.org/abs/1702.02600},
}